<?xml version="1.0" encoding="UTF-8"?><collection xmlns="http://www.loc.gov/MARC21/slim"><record><leader>00547nam--2200205-u-4500</leader><controlfield tag="001">000055895</controlfield><controlfield tag="002">20161230</controlfield><controlfield tag="005">20161230201052</controlfield><controlfield tag="008">130814s1000------------r-----000-0-rus-d</controlfield><datafield ind1=" " ind2=" " tag="040"><subfield code="a">IFIN-HH</subfield></datafield><datafield ind1=" " ind2=" " tag="041"><subfield code="a">rus</subfield></datafield><datafield ind1=" " ind2=" " tag="080"><subfield code="a">519.6</subfield></datafield><datafield ind1="1" ind2=" " tag="100"><subfield code="a">Grebenikov,E.A</subfield></datafield><datafield ind1="1" ind2="0" tag="245"><subfield code="a">Konstruktivnie metodi analiza nelineinih sistem</subfield><subfield code="c">E.a. grebenikov, iu.a. riabov</subfield></datafield><datafield ind1=" " ind2=" " tag="260"><subfield code="a">Moskva</subfield><subfield code="b">Nauka</subfield><subfield code="c">1979</subfield></datafield><datafield ind1=" " ind2=" " tag="300"><subfield code="a">431P</subfield></datafield><datafield ind1=" " ind2=" " tag="490"><subfield code="a">Nelineinii Analiz I Ego Pridojenia</subfield></datafield><datafield ind1="1" ind2=" " tag="700"><subfield code="a">Riabov, Iu.A</subfield></datafield><datafield ind1=" " ind2=" " tag="852"><subfield code="a">48714</subfield><subfield code="c">519.4/5</subfield></datafield><datafield ind1=" " ind2=" " tag="CAT"><subfield code="a">Sys</subfield><subfield code="c">20130814</subfield><subfield code="h">150058</subfield></datafield></record></collection>